%YAML 1.1
%TAG !u! tag:unity3d.com,2011:
--- !u!114 &5298719170320288345
MonoBehaviour:
  m_ObjectHideFlags: 0
  m_CorrespondingSourceObject: {fileID: 0}
  m_PrefabInstance: {fileID: 0}
  m_PrefabAsset: {fileID: 0}
  m_GameObject: {fileID: 8131935861126029381}
  m_Enabled: 1
  m_EditorHideFlags: 0
  m_Script: {fileID: 11500000, guid: e3c5706d92e324a488693e854e08cded, type: 3}
  m_Name: 
  m_EditorClassIdentifier: 
--- !u!64 &870098145788128368
MeshCollider:
  m_ObjectHideFlags: 0
  m_CorrespondingSourceObject: {fileID: 0}
  m_PrefabInstance: {fileID: 0}
  m_PrefabAsset: {fileID: 0}
  m_GameObject: {fileID: 737557450733665319}
  m_Material: {fileID: 0}
  m_IsTrigger: 0
  m_Enabled: 1
  serializedVersion: 4
  m_Convex: 1
  m_CookingOptions: 30
  m_Mesh: {fileID: -7387706064836869012, guid: c93ec4e9fdb374b4b91e5731b1bb1630, type: 3}
--- !u!64 &3206027275430422132
MeshCollider:
  m_ObjectHideFlags: 0
  m_CorrespondingSourceObject: {fileID: 0}
  m_PrefabInstance: {fileID: 0}
  m_PrefabAsset: {fileID: 0}
  m_GameObject: {fileID: 6815612651076794882}
  m_Material: {fileID: 0}
  m_IsTrigger: 0
  m_Enabled: 1
  serializedVersion: 4
  m_Convex: 1
  m_CookingOptions: 30
  m_Mesh: {fileID: 8691780276856062721, guid: c93ec4e9fdb374b4b91e5731b1bb1630, type: 3}
--- !u!64 &654665001564579303
MeshCollider:
  m_ObjectHideFlags: 0
  m_CorrespondingSourceObject: {fileID: 0}
  m_PrefabInstance: {fileID: 0}
  m_PrefabAsset: {fileID: 0}
  m_GameObject: {fileID: 334452554570775042}
  m_Material: {fileID: 0}
  m_IsTrigger: 0
  m_Enabled: 1
  serializedVersion: 4
  m_Convex: 1
  m_CookingOptions: 30
  m_Mesh: {fileID: 6239881831769578202, guid: c93ec4e9fdb374b4b91e5731b1bb1630, type: 3}
--- !u!64 &7910295226200479123
MeshCollider:
  m_ObjectHideFlags: 0
  m_CorrespondingSourceObject: {fileID: 0}
  m_PrefabInstance: {fileID: 0}
  m_PrefabAsset: {fileID: 0}
  m_GameObject: {fileID: 8622330183491680622}
  m_Material: {fileID: 0}
  m_IsTrigger: 0
  m_Enabled: 1
  serializedVersion: 4
  m_Convex: 1
  m_CookingOptions: 30
  m_Mesh: {fileID: 6255687079079774844, guid: c93ec4e9fdb374b4b91e5731b1bb1630, type: 3}
--- !u!64 &2712693718657366494
MeshCollider:
  m_ObjectHideFlags: 0
  m_CorrespondingSourceObject: {fileID: 0}
  m_PrefabInstance: {fileID: 0}
  m_PrefabAsset: {fileID: 0}
  m_GameObject: {fileID: 6541307241127827211}
  m_Material: {fileID: 0}
  m_IsTrigger: 0
  m_Enabled: 1
  serializedVersion: 4
  m_Convex: 1
  m_CookingOptions: 30
  m_Mesh: {fileID: 3390558720134950976, guid: c93ec4e9fdb374b4b91e5731b1bb1630, type: 3}
--- !u!64 &6345422532319557619
MeshCollider:
  m_ObjectHideFlags: 0
  m_CorrespondingSourceObject: {fileID: 0}
  m_PrefabInstance: {fileID: 0}
  m_PrefabAsset: {fileID: 0}
  m_GameObject: {fileID: 5293422744639239484}
  m_Material: {fileID: 0}
  m_IsTrigger: 0
  m_Enabled: 1
  serializedVersion: 4
  m_Convex: 1
  m_CookingOptions: 30
  m_Mesh: {fileID: -125435165217083709, guid: c93ec4e9fdb374b4b91e5731b1bb1630, type: 3}
--- !u!64 &8819618288895843585
MeshCollider:
  m_ObjectHideFlags: 0
  m_CorrespondingSourceObject: {fileID: 0}
  m_PrefabInstance: {fileID: 0}
  m_PrefabAsset: {fileID: 0}
  m_GameObject: {fileID: 2772542480183981106}
  m_Material: {fileID: 0}
  m_IsTrigger: 0
  m_Enabled: 1
  serializedVersion: 4
  m_Convex: 1
  m_CookingOptions: 30
  m_Mesh: {fileID: 3163171260390484736, guid: c93ec4e9fdb374b4b91e5731b1bb1630, type: 3}
--- !u!64 &6899818854532593044
MeshCollider:
  m_ObjectHideFlags: 0
  m_CorrespondingSourceObject: {fileID: 0}
  m_PrefabInstance: {fileID: 0}
  m_PrefabAsset: {fileID: 0}
  m_GameObject: {fileID: 5701249201624239336}
  m_Material: {fileID: 0}
  m_IsTrigger: 0
  m_Enabled: 1
  serializedVersion: 4
  m_Convex: 1
  m_CookingOptions: 30
  m_Mesh: {fileID: 5512361600001258384, guid: c93ec4e9fdb374b4b91e5731b1bb1630, type: 3}
--- !u!1 &9180430740576061195
GameObject:
  m_ObjectHideFlags: 0
  m_CorrespondingSourceObject: {fileID: 0}
  m_PrefabInstance: {fileID: 0}
  m_PrefabAsset: {fileID: 0}
  serializedVersion: 6
  m_Component:
  - component: {fileID: 2403567082237001636}
  - component: {fileID: 1595834931055829562}
  - component: {fileID: 5864002912286910915}
  m_Layer: 0
  m_Name: Cylinder
  m_TagString: Untagged
  m_Icon: {fileID: 0}
  m_NavMeshLayer: 0
  m_StaticEditorFlags: 0
  m_IsActive: 1
--- !u!4 &2403567082237001636
Transform:
  m_ObjectHideFlags: 0
  m_CorrespondingSourceObject: {fileID: 0}
  m_PrefabInstance: {fileID: 0}
  m_PrefabAsset: {fileID: 0}
  m_GameObject: {fileID: 9180430740576061195}
  m_LocalRotation: {x: 0, y: 0, z: 0, w: 1}
  m_LocalPosition: {x: 0, y: 6, z: 0}
  m_LocalScale: {x: 2.5, y: 7, z: 2.5}
  m_Children: []
  m_Father: {fileID: 8904074101339798271}
  m_RootOrder: 8
  m_LocalEulerAnglesHint: {x: 0, y: 0, z: 0}
--- !u!33 &1595834931055829562
MeshFilter:
  m_ObjectHideFlags: 0
  m_CorrespondingSourceObject: {fileID: 0}
  m_PrefabInstance: {fileID: 0}
  m_PrefabAsset: {fileID: 0}
  m_GameObject: {fileID: 9180430740576061195}
  m_Mesh: {fileID: 10206, guid: 0000000000000000e000000000000000, type: 0}
--- !u!23 &5864002912286910915
MeshRenderer:
  m_ObjectHideFlags: 0
  m_CorrespondingSourceObject: {fileID: 0}
  m_PrefabInstance: {fileID: 0}
  m_PrefabAsset: {fileID: 0}
  m_GameObject: {fileID: 9180430740576061195}
  m_Enabled: 1
  m_CastShadows: 1
  m_ReceiveShadows: 1
  m_DynamicOccludee: 1
  m_MotionVectors: 1
  m_LightProbeUsage: 1
  m_ReflectionProbeUsage: 1
  m_RayTracingMode: 2
  m_RenderingLayerMask: 1
  m_RendererPriority: 0
  m_Materials:
  - {fileID: 2100000, guid: 7aa9fc6589726cb4b86a67a4fa3609eb, type: 2}
  m_StaticBatchInfo:
    firstSubMesh: 0
    subMeshCount: 0
  m_StaticBatchRoot: {fileID: 0}
  m_ProbeAnchor: {fileID: 0}
  m_LightProbeVolumeOverride: {fileID: 0}
  m_ScaleInLightmap: 1
  m_ReceiveGI: 1
  m_PreserveUVs: 0
  m_IgnoreNormalsForChartDetection: 0
  m_ImportantGI: 0
  m_StitchLightmapSeams: 1
  m_SelectedEditorRenderState: 3
  m_MinimumChartSize: 4
  m_AutoUVMaxDistance: 0.5
  m_AutoUVMaxAngle: 89
  m_LightmapParameters: {fileID: 0}
  m_SortingLayerID: 0
  m_SortingLayer: 0
  m_SortingOrder: 0
--- !u!1001 &8942769270671039764
PrefabInstance:
  m_ObjectHideFlags: 0
  serializedVersion: 2
  m_Modification:
    m_TransformParent: {fileID: 0}
    m_Modifications:
    - target: {fileID: -8679921383154817045, guid: c93ec4e9fdb374b4b91e5731b1bb1630,
        type: 3}
      propertyPath: m_RootOrder
      value: 0
      objectReference: {fileID: 0}
    - target: {fileID: -8679921383154817045, guid: c93ec4e9fdb374b4b91e5731b1bb1630,
        type: 3}
      propertyPath: m_LocalScale.y
      value: 0.4
      objectReference: {fileID: 0}
    - target: {fileID: -8679921383154817045, guid: c93ec4e9fdb374b4b91e5731b1bb1630,
        type: 3}
      propertyPath: m_LocalPosition.x
      value: 0
      objectReference: {fileID: 0}
    - target: {fileID: -8679921383154817045, guid: c93ec4e9fdb374b4b91e5731b1bb1630,
        type: 3}
      propertyPath: m_LocalPosition.y
      value: 0
      objectReference: {fileID: 0}
    - target: {fileID: -8679921383154817045, guid: c93ec4e9fdb374b4b91e5731b1bb1630,
        type: 3}
      propertyPath: m_LocalPosition.z
      value: 0
      objectReference: {fileID: 0}
    - target: {fileID: -8679921383154817045, guid: c93ec4e9fdb374b4b91e5731b1bb1630,
        type: 3}
      propertyPath: m_LocalRotation.w
      value: 1
      objectReference: {fileID: 0}
    - target: {fileID: -8679921383154817045, guid: c93ec4e9fdb374b4b91e5731b1bb1630,
        type: 3}
      propertyPath: m_LocalRotation.x
      value: 0
      objectReference: {fileID: 0}
    - target: {fileID: -8679921383154817045, guid: c93ec4e9fdb374b4b91e5731b1bb1630,
        type: 3}
      propertyPath: m_LocalRotation.y
      value: 0
      objectReference: {fileID: 0}
    - target: {fileID: -8679921383154817045, guid: c93ec4e9fdb374b4b91e5731b1bb1630,
        type: 3}
      propertyPath: m_LocalRotation.z
      value: 0
      objectReference: {fileID: 0}
    - target: {fileID: -8679921383154817045, guid: c93ec4e9fdb374b4b91e5731b1bb1630,
        type: 3}
      propertyPath: m_LocalEulerAnglesHint.x
      value: 0
      objectReference: {fileID: 0}
    - target: {fileID: -8679921383154817045, guid: c93ec4e9fdb374b4b91e5731b1bb1630,
        type: 3}
      propertyPath: m_LocalEulerAnglesHint.y
      value: 0
      objectReference: {fileID: 0}
    - target: {fileID: -8679921383154817045, guid: c93ec4e9fdb374b4b91e5731b1bb1630,
        type: 3}
      propertyPath: m_LocalEulerAnglesHint.z
      value: 0
      objectReference: {fileID: 0}
    - target: {fileID: -8380157826906577798, guid: c93ec4e9fdb374b4b91e5731b1bb1630,
        type: 3}
      propertyPath: m_IsActive
      value: 0
      objectReference: {fileID: 0}
    - target: {fileID: -6902573867230041995, guid: c93ec4e9fdb374b4b91e5731b1bb1630,
        type: 3}
      propertyPath: m_Materials.Array.data[0]
      value: 
      objectReference: {fileID: 2100000, guid: 32014f93cb7e0b248b0d392c857d3f53, type: 2}
    - target: {fileID: -5546747315237514756, guid: c93ec4e9fdb374b4b91e5731b1bb1630,
        type: 3}
      propertyPath: m_IsActive
      value: 0
      objectReference: {fileID: 0}
    - target: {fileID: -4718040791104185828, guid: c93ec4e9fdb374b4b91e5731b1bb1630,
        type: 3}
      propertyPath: m_Materials.Array.data[0]
      value: 
      objectReference: {fileID: 2100000, guid: 32014f93cb7e0b248b0d392c857d3f53, type: 2}
    - target: {fileID: -1439730007547781893, guid: c93ec4e9fdb374b4b91e5731b1bb1630,
        type: 3}
      propertyPath: m_Materials.Array.data[0]
      value: 
      objectReference: {fileID: 2100000, guid: 32014f93cb7e0b248b0d392c857d3f53, type: 2}
    - target: {fileID: 919132149155446097, guid: c93ec4e9fdb374b4b91e5731b1bb1630,
        type: 3}
      propertyPath: m_Name
      value: Ring001
      objectReference: {fileID: 0}
    - target: {fileID: 1129496810705857465, guid: c93ec4e9fdb374b4b91e5731b1bb1630,
        type: 3}
      propertyPath: m_Materials.Array.data[0]
      value: 
      objectReference: {fileID: 2100000, guid: 37427b1e24d28944c845914b92ce891e, type: 2}
    - target: {fileID: 1746654310787607633, guid: c93ec4e9fdb374b4b91e5731b1bb1630,
        type: 3}
      propertyPath: m_Materials.Array.data[0]
      value: 
      objectReference: {fileID: 2100000, guid: 32014f93cb7e0b248b0d392c857d3f53, type: 2}
    - target: {fileID: 6944656104360116776, guid: c93ec4e9fdb374b4b91e5731b1bb1630,
        type: 3}
      propertyPath: m_Materials.Array.data[0]
      value: 
      objectReference: {fileID: 2100000, guid: 37427b1e24d28944c845914b92ce891e, type: 2}
    - target: {fileID: 7071182760956848314, guid: c93ec4e9fdb374b4b91e5731b1bb1630,
        type: 3}
      propertyPath: m_Materials.Array.data[0]
      value: 
      objectReference: {fileID: 2100000, guid: 37427b1e24d28944c845914b92ce891e, type: 2}
    - target: {fileID: 8089062573417005363, guid: c93ec4e9fdb374b4b91e5731b1bb1630,
        type: 3}
      propertyPath: m_Materials.Array.data[0]
      value: 
      objectReference: {fileID: 2100000, guid: 37427b1e24d28944c845914b92ce891e, type: 2}
    m_RemovedComponents: []
  m_SourcePrefab: {fileID: 100100000, guid: c93ec4e9fdb374b4b91e5731b1bb1630, type: 3}
--- !u!1 &8131935861126029381 stripped
GameObject:
  m_CorrespondingSourceObject: {fileID: 919132149155446097, guid: c93ec4e9fdb374b4b91e5731b1bb1630,
    type: 3}
  m_PrefabInstance: {fileID: 8942769270671039764}
  m_PrefabAsset: {fileID: 0}
--- !u!4 &8904074101339798271 stripped
Transform:
  m_CorrespondingSourceObject: {fileID: -8679921383154817045, guid: c93ec4e9fdb374b4b91e5731b1bb1630,
    type: 3}
  m_PrefabInstance: {fileID: 8942769270671039764}
  m_PrefabAsset: {fileID: 0}
--- !u!1 &737557450733665319 stripped
GameObject:
  m_CorrespondingSourceObject: {fileID: 8513859187771203891, guid: c93ec4e9fdb374b4b91e5731b1bb1630,
    type: 3}
  m_PrefabInstance: {fileID: 8942769270671039764}
  m_PrefabAsset: {fileID: 0}
--- !u!1 &6815612651076794882 stripped
GameObject:
  m_CorrespondingSourceObject: {fileID: -6733177361254619370, guid: c93ec4e9fdb374b4b91e5731b1bb1630,
    type: 3}
  m_PrefabInstance: {fileID: 8942769270671039764}
  m_PrefabAsset: {fileID: 0}
--- !u!1 &334452554570775042 stripped
GameObject:
  m_CorrespondingSourceObject: {fileID: 8700725330082129686, guid: c93ec4e9fdb374b4b91e5731b1bb1630,
    type: 3}
  m_PrefabInstance: {fileID: 8942769270671039764}
  m_PrefabAsset: {fileID: 0}
--- !u!1 &8622330183491680622 stripped
GameObject:
  m_CorrespondingSourceObject: {fileID: -8380157826906577798, guid: c93ec4e9fdb374b4b91e5731b1bb1630,
    type: 3}
  m_PrefabInstance: {fileID: 8942769270671039764}
  m_PrefabAsset: {fileID: 0}
--- !u!1 &6541307241127827211 stripped
GameObject:
  m_CorrespondingSourceObject: {fileID: 2800250516343163423, guid: c93ec4e9fdb374b4b91e5731b1bb1630,
    type: 3}
  m_PrefabInstance: {fileID: 8942769270671039764}
  m_PrefabAsset: {fileID: 0}
--- !u!1 &5293422744639239484 stripped
GameObject:
  m_CorrespondingSourceObject: {fileID: 3849762623622064168, guid: c93ec4e9fdb374b4b91e5731b1bb1630,
    type: 3}
  m_PrefabInstance: {fileID: 8942769270671039764}
  m_PrefabAsset: {fileID: 0}
--- !u!1 &2772542480183981106 stripped
GameObject:
  m_CorrespondingSourceObject: {fileID: 6512510688612296998, guid: c93ec4e9fdb374b4b91e5731b1bb1630,
    type: 3}
  m_PrefabInstance: {fileID: 8942769270671039764}
  m_PrefabAsset: {fileID: 0}
--- !u!1 &5701249201624239336 stripped
GameObject:
  m_CorrespondingSourceObject: {fileID: -5546747315237514756, guid: c93ec4e9fdb374b4b91e5731b1bb1630,
    type: 3}
  m_PrefabInstance: {fileID: 8942769270671039764}
  m_PrefabAsset: {fileID: 0}
